
@article{c-iot-term,
author = "Kevin Ashton",
title = "That 'Internet of Things' Thing",
journal = "RFID Journal",
year =  "2009",
DOI = "http://www.rfidjournal.com/articles/view?4986"
}

@article{c-devices,
author = "",
title = "",
journal = "",
year =  "",
DOI = ""
}

@techreport{c-iot-market1,
author = "GrowthEnabler \& MarketsandMarkets ",
title = "Market Pulse Report",
year =  "2016",
DOI = "https://growthenabler.com/flipbook/pdf/IOT\%20Report.pdf"
}

@article{c-iot-market2,
author = "Peter Bowen and Asit Goel and Michael Schallehn and Michael Schertler",
title = "Bain Insights",
journal = "Bain Insights",
year =  "2017",
DOI = "http://www.bain.com/publications/articles\-/choosing-the-right-platform-for-the-industrial-iot.aspx"
}

@article{c-iot-market3,
author = "IDC",
title = "Worldwide Internet of Things Forecast 2015â€“2020",
year =  "2015"
}

@article{c-iot-uog,
author = "Kristian Hentschel and Dejice Jacob and Jeremy Singer and Matthew Chalmers",
title = "Supersensors: Raspberry Pi Devices for Smart Campus Infrastructure (short paper)",
journal = "2016 IEEE 4th International Conference on Future Internet of Things and Cloud (FiCloud)",
year =  "2016",
DOI = "10.1109/FiCloud.2016.16"
}

@article{c-iot-bar,
author = "Ross Tieman",
title = "Barcelona: smart city revolution in progress",
journal = "	Financial Times",
year =  "2017",
DOI = "https://www.ft.com/content/6d2fe2a8-722c-11e7-93ff-99f383b09ff9"
}

@article{c-heating,
author = "Michael J. Brandemuehl and James E. Braun",
title = "The Impact of Demand-Controlled and Economizer Ventilation Strategies on Energy Use in Buildings",
journal = "ASHRAE Transactions",
year =  "1999",
DOI = "https://customer.honeywell.com/resources/techlit/TechLitDocuments/63-0000s/63-7063.pdf"
}

@report{c-phones,
author = "Deloitte",
title = "Mobile Consumer 2016 report",	
year = "2016",
DOI = "http://www.deloitte.co.uk/mobileuk2016/assets/pdf/Deloitte-Mobile-Consumer-2016-There-is-no-place-like-phone.pdf"
}



